@misc{breakhis_bib,
	title = {BreakHis Kaggle Dataset},
	url = {https://www.kaggle.com/ambarish/breakhis}
}

@misc{nctcrche100k_bib,
	title = {NCT-CRC-HE-100K Dataset},
	url = {https://zenodo.org/record/1214456#.XpClRPlS8Uo}
}